<?xml version="1.0" encoding="UTF-8"?><collection xmlns="http://www.loc.gov/MARC21/slim"><record><leader>00529nam--2200181-u-4500</leader><controlfield tag="001">000055675</controlfield><controlfield tag="002">20161230</controlfield><controlfield tag="005">20161230201052</controlfield><controlfield tag="008">130327s1000------------r-----000-0-ita-d</controlfield><datafield ind1=" " ind2=" " tag="040"><subfield code="a">IFIN-HH</subfield></datafield><datafield ind1=" " ind2=" " tag="041"><subfield code="a">ita</subfield></datafield><datafield ind1=" " ind2=" " tag="080"><subfield code="a">621.039(45)</subfield></datafield><datafield ind1="1" ind2=" " tag="110"><subfield code="a">Comitato Nazionale Per Le Richerche Nucleari</subfield></datafield><datafield ind1="1" ind2="0" tag="245"><subfield code="a">Un piano quinquennale per lo sviluppo delle richerche nucleari in italia</subfield></datafield><datafield ind1=" " ind2=" " tag="260"><subfield code="a">Roma</subfield><subfield code="b">Comitato Nazionale Per Le Richerche Nucleari</subfield><subfield code="c">1958</subfield></datafield><datafield ind1=" " ind2=" " tag="300"><subfield code="a">457P</subfield></datafield><datafield ind1=" " ind2=" " tag="852"><subfield code="a">5765</subfield><subfield code="c">H.H</subfield></datafield><datafield ind1=" " ind2=" " tag="CAT"><subfield code="a">Sys</subfield><subfield code="c">20130327</subfield><subfield code="h">104945</subfield></datafield></record></collection>